@ONLINE {w3techs2017,
    author = "w3techs",
    title  = "Character encoding statistics",
    month  = "feb",
    year   = "2017",
    url    = "www.w3techs.com/technologies/overview/character_encoding/all"
}
@ONLINE {libretexts2016,
    author = "libretexts",
    title  = "Analytical Chemistry - Titration",
    month  = "oct",
    year   = "2016",
    url    = "chem.libretexts.org/Core/Analytical_Chemistry/Lab_Techniques/Titration"
}
@ONLINE {chemguide2013,
    author = "chemguide",
    title  = "Jim Clark",
    year   = "2013",
    url    = "www.chemguide.co.uk/physical/acidbaseeqia/phcurves.html"
}
